%YAML 1.1
%TAG !u! tag:unity3d.com,2011:
--- !u!1 &2330763281093528838
GameObject:
  m_ObjectHideFlags: 0
  m_CorrespondingSourceObject: {fileID: 0}
  m_PrefabInstance: {fileID: 0}
  m_PrefabAsset: {fileID: 0}
  serializedVersion: 6
  m_Component:
  - component: {fileID: 3787237726805265213}
  m_Layer: 0
  m_Name: FirePosition
  m_TagString: Untagged
  m_Icon: {fileID: 7174288486110832750, guid: 0000000000000000d000000000000000, type: 0}
  m_NavMeshLayer: 0
  m_StaticEditorFlags: 0
  m_IsActive: 1
--- !u!4 &3787237726805265213
Transform:
  m_ObjectHideFlags: 0
  m_CorrespondingSourceObject: {fileID: 0}
  m_PrefabInstance: {fileID: 0}
  m_PrefabAsset: {fileID: 0}
  m_GameObject: {fileID: 2330763281093528838}
  serializedVersion: 2
  m_LocalRotation: {x: 0, y: 0, z: 0, w: 1}
  m_LocalPosition: {x: -0.009, y: 0.118, z: 0.181}
  m_LocalScale: {x: 1, y: 1, z: 1}
  m_ConstrainProportionsScale: 0
  m_Children: []
  m_Father: {fileID: 5225071905647686949}
  m_LocalEulerAnglesHint: {x: 0, y: 0, z: 0}
--- !u!1 &2657643211554955574
GameObject:
  m_ObjectHideFlags: 0
  m_CorrespondingSourceObject: {fileID: 0}
  m_PrefabInstance: {fileID: 0}
  m_PrefabAsset: {fileID: 0}
  serializedVersion: 6
  m_Component:
  - component: {fileID: 5225071905647686949}
  - component: {fileID: -3306823854544767886}
  - component: {fileID: -4714506063184260924}
  - component: {fileID: 1948007362608793925}
  m_Layer: 0
  m_Name: TurretCharacter
  m_TagString: Untagged
  m_Icon: {fileID: 0}
  m_NavMeshLayer: 0
  m_StaticEditorFlags: 0
  m_IsActive: 1
--- !u!4 &5225071905647686949
Transform:
  m_ObjectHideFlags: 0
  m_CorrespondingSourceObject: {fileID: 0}
  m_PrefabInstance: {fileID: 0}
  m_PrefabAsset: {fileID: 0}
  m_GameObject: {fileID: 2657643211554955574}
  serializedVersion: 2
  m_LocalRotation: {x: 0, y: 0, z: 0, w: 1}
  m_LocalPosition: {x: 0, y: 0, z: 0}
  m_LocalScale: {x: 1, y: 1, z: 1}
  m_ConstrainProportionsScale: 0
  m_Children:
  - {fileID: 1953789873601455271}
  - {fileID: 3787237726805265213}
  m_Father: {fileID: 0}
  m_LocalEulerAnglesHint: {x: 0, y: 0, z: 0}
--- !u!114 &-3306823854544767886
MonoBehaviour:
  m_ObjectHideFlags: 0
  m_CorrespondingSourceObject: {fileID: 0}
  m_PrefabInstance: {fileID: 0}
  m_PrefabAsset: {fileID: 0}
  m_GameObject: {fileID: 2657643211554955574}
  m_Enabled: 1
  m_EditorHideFlags: 0
  m_Script: {fileID: 11500000, guid: 2033404301dc5b2429c10fa886688db0, type: 3}
  m_Name: 
  m_EditorClassIdentifier: 
  m_UseLookatEnemy: 1
--- !u!114 &-4714506063184260924
MonoBehaviour:
  m_ObjectHideFlags: 0
  m_CorrespondingSourceObject: {fileID: 0}
  m_PrefabInstance: {fileID: 0}
  m_PrefabAsset: {fileID: 0}
  m_GameObject: {fileID: 2657643211554955574}
  m_Enabled: 1
  m_EditorHideFlags: 0
  m_Script: {fileID: 11500000, guid: 118b921c8be64b84699bb12de076b46f, type: 3}
  m_Name: 
  m_EditorClassIdentifier: 
  m_BulletPrefab: {fileID: -9142679487658954954, guid: ad821f848a990824498328e76063b979,
    type: 3}
  m_FireTransform: {fileID: 3787237726805265213}
--- !u!114 &1948007362608793925
MonoBehaviour:
  m_ObjectHideFlags: 0
  m_CorrespondingSourceObject: {fileID: 0}
  m_PrefabInstance: {fileID: 0}
  m_PrefabAsset: {fileID: 0}
  m_GameObject: {fileID: 2657643211554955574}
  m_Enabled: 1
  m_EditorHideFlags: 0
  m_Script: {fileID: 11500000, guid: a166690b3b1bce74eb77af3316fdfd5b, type: 3}
  m_Name: 
  m_EditorClassIdentifier: 
  m_DetectRadius: 1
  m_AreaOffset: {x: 0, y: 0, z: 0}
--- !u!1001 &3402943863910777710
PrefabInstance:
  m_ObjectHideFlags: 0
  serializedVersion: 2
  m_Modification:
    serializedVersion: 3
    m_TransformParent: {fileID: 5225071905647686949}
    m_Modifications:
    - target: {fileID: 3757390651939514313, guid: 79d6c655d7895f04da4d1d0876abd5ab,
        type: 3}
      propertyPath: m_LocalPosition.x
      value: 0
      objectReference: {fileID: 0}
    - target: {fileID: 3757390651939514313, guid: 79d6c655d7895f04da4d1d0876abd5ab,
        type: 3}
      propertyPath: m_LocalPosition.y
      value: 0
      objectReference: {fileID: 0}
    - target: {fileID: 3757390651939514313, guid: 79d6c655d7895f04da4d1d0876abd5ab,
        type: 3}
      propertyPath: m_LocalPosition.z
      value: 0
      objectReference: {fileID: 0}
    - target: {fileID: 3757390651939514313, guid: 79d6c655d7895f04da4d1d0876abd5ab,
        type: 3}
      propertyPath: m_LocalRotation.w
      value: 1
      objectReference: {fileID: 0}
    - target: {fileID: 3757390651939514313, guid: 79d6c655d7895f04da4d1d0876abd5ab,
        type: 3}
      propertyPath: m_LocalRotation.x
      value: 0
      objectReference: {fileID: 0}
    - target: {fileID: 3757390651939514313, guid: 79d6c655d7895f04da4d1d0876abd5ab,
        type: 3}
      propertyPath: m_LocalRotation.y
      value: 0
      objectReference: {fileID: 0}
    - target: {fileID: 3757390651939514313, guid: 79d6c655d7895f04da4d1d0876abd5ab,
        type: 3}
      propertyPath: m_LocalRotation.z
      value: 0
      objectReference: {fileID: 0}
    - target: {fileID: 3757390651939514313, guid: 79d6c655d7895f04da4d1d0876abd5ab,
        type: 3}
      propertyPath: m_LocalEulerAnglesHint.x
      value: 0
      objectReference: {fileID: 0}
    - target: {fileID: 3757390651939514313, guid: 79d6c655d7895f04da4d1d0876abd5ab,
        type: 3}
      propertyPath: m_LocalEulerAnglesHint.y
      value: 0
      objectReference: {fileID: 0}
    - target: {fileID: 3757390651939514313, guid: 79d6c655d7895f04da4d1d0876abd5ab,
        type: 3}
      propertyPath: m_LocalEulerAnglesHint.z
      value: 0
      objectReference: {fileID: 0}
    - target: {fileID: 8916419229600748311, guid: 79d6c655d7895f04da4d1d0876abd5ab,
        type: 3}
      propertyPath: m_Name
      value: TurretType01
      objectReference: {fileID: 0}
    m_RemovedComponents: []
    m_RemovedGameObjects: []
    m_AddedGameObjects: []
    m_AddedComponents: []
  m_SourcePrefab: {fileID: 100100000, guid: 79d6c655d7895f04da4d1d0876abd5ab, type: 3}
--- !u!4 &1953789873601455271 stripped
Transform:
  m_CorrespondingSourceObject: {fileID: 3757390651939514313, guid: 79d6c655d7895f04da4d1d0876abd5ab,
    type: 3}
  m_PrefabInstance: {fileID: 3402943863910777710}
  m_PrefabAsset: {fileID: 0}
